@article{Schaich:2013eba,
      author         = "Schaich, David and USBSM, for",
      title          = "{Eight light flavors on large lattice volumes}",
      year           = "2013",
      eprint         = "1310.7006",
      archivePrefix  = "arXiv",
      primaryClass   = "hep-lat",
      SLACcitation   = "%%CITATION = ARXIV:1310.7006;%%",
}

@article{Cheng:2013bca,
      author         = "Cheng, Anqi and Hasenfratz, Anna and Petropoulos, Gregory
                        and Schaich, David",
      title          = "{Determining the mass anomalous dimension through the
                        eigenmodes of Dirac operator}",
      year           = "2013",
      eprint         = "1311.1287",
      archivePrefix  = "arXiv",
      primaryClass   = "hep-lat",
      SLACcitation   = "%%CITATION = ARXIV:1311.1287;%%",
}
@article{Petropoulos:2013gaa,
      author         = "Petropoulos, Gregory and Cheng, Anqi and Hasenfratz, Anna
                        and Schaich, David",
      title          = "{Improved Lattice Renormalization Group Techniques}",
      year           = "2013",
      eprint         = "1311.2679",
      archivePrefix  = "arXiv",
      primaryClass   = "hep-lat",
      SLACcitation   = "%%CITATION = ARXIV:1311.2679;%%",
}

@article{Hasenfratz:2013eka,
      author         = "Hasenfratz, Anna and Cheng, Anqi and Petropoulos, Gregory
                        and Schaich, David",
      title          = "{Finite size scaling and the effect of the gauge coupling
                        in 12 flavor systems}",
      year           = "2013",
      eprint         = "1310.1124",
      archivePrefix  = "arXiv",
      primaryClass   = "hep-lat",
      SLACcitation   = "%%CITATION = ARXIV:1310.1124;%%",
}

@article{Aoki:2013xza,
      author         = "Aoki, Yasumichi and Aoyama, Tatsumi and Kurachi, Masafumi
                        and Maskawa, Toshihide and Nagai, Kei-ichi and others",
      title          = "{Walking signals in Nf=8 QCD on the lattice}",
      journal        = "Phys.Rev.",
      volume         = "D87",
      pages          = "094511",
      doi            = "10.1103/PhysRevD.87.094511",
      year           = "2013",
      eprint         = "1302.6859",
      archivePrefix  = "arXiv",
      primaryClass   = "hep-lat",
      reportNumber   = "KEK-PREPRINT-2012-47",
      SLACcitation   = "%%CITATION = ARXIV:1302.6859;%%",
}

  title         = "{Lattice study of conformality in twelve-flavor QCD}",
@article{Aoki:2012eq,
  author        = "Aoki, Yasumichi and Aoyama, Tatsumi and Kurachi, Masafumi and Maskawa, Toshihide and Nagai, Kei-ichi and Ohki, Hiroshi and Shibata, Akihiro and Yamawaki, Koichi and Yamazaki, Takeshi",
  journal       = "Phys. Rev.",
  volume        = "D86",
  pages         = "054506",
  doi           = "10.1103/PhysRevD.86.054506",
  year          = "2012",
  eprint        = "1207.3060",
}

  title         = "{The scalar spectrum of many-flavour QCD}",
@article{Aoki:2013pca,
  author        = "Aoki, Yasumichi and Aoyama, Tatsumi and Kurachi, Masafumi and Maskawa, Toshihide and Nagai, Kei-ichi and Ohki, Hiroshi and Rinaldi, Enrico and Shibata, Akihiro and Yamawaki, Koichi and Yamazaki, Takeshi",
  year          = "2013",
  eprint        = "1302.4577",
  archivePrefix = "arXiv",
}

  title          = "{Lattice Study of Conformal Behavior in SU(3) Yang-Mills Theories}",
@article{Appelquist:2009ty,
  author         = "Appelquist, Thomas and Fleming, George T. and Neil, Ethan T.",
  journal        = "Phys. Rev.",
  volume         = "D79",
  pages          = "076010",
  doi            = "10.1103/PhysRevD.79.076010",
  year           = "2009",
  eprint         = "0901.3766",
  archivePrefix  = "arXiv",
}

  title         = "{Lattice Simulations and Infrared Conformality}",
@article{Appelquist:2011dp,
  author        = "Appelquist, T. and Fleming, G. T. and Lin, M. F. and Neil, E. T. and Schaich, D.",
  journal       = "Phys. Rev.",
  volume        = "D84",
  pages         = "054501",
  doi           = "10.1103/PhysRevD.84.054501",
  year          = "2011",
  eprint        = "1106.2148",
  archivePrefix = "arXiv",
}

  title         = "{Novel phase in SU(3) lattice gauge theory with 12 light fermions}",
@article{Cheng:2011ic,
  author        = "Cheng, Anqi and Hasenfratz, Anna and Schaich, David",
  journal       = "Phys. Rev.",
  volume        = "D85",
  pages         = "094509",
  doi           = "10.1103/PhysRevD.85.094509",
  year          = "2012",
  eprint        = "1111.2317",
  archivePrefix = "arXiv",
}

  title         = "{Scale-dependent mass anomalous dimension from Dirac eigenmodes}",
@article{Cheng:2013eu,
  author        = "Cheng, Anqi and Hasenfratz, Anna and Petropoulos, Gregory and Schaich, David",
  journal       = "JHEP",
  volume        = "1307",
  pages         = "061",
  doi           = "10.1007/JHEP07(2013)061",
  year          = "2013",
  eprint        = "1301.1355",
  archivePrefix = "arXiv",
}

  title         = "{Remarks on lattice gauge theories with infrared-attractive fixed points}",
@article{DeGrand:2009mt,
  author        = "DeGrand, Thomas and Hasenfratz, Anna",
  journal       = "Phys. Rev.",
  volume        = "D80",
  pages         = "034506",
  doi           = "10.1103/PhysRevD.80.034506",
  year          = "2009",
  eprint        = "0906.1976",
  archivePrefix = "arXiv",
}

  title         = "{Finite-size scaling tests for spectra in SU(3) lattice gauge theory coupled to 12 fundamental flavor fermions}",
@article{DeGrand:2011cu,
  author        = "DeGrand, Thomas",
  journal       = "Phys. Rev.",
  volume        = "D84",
  pages         = "116901",
  doi           = "10.1103/PhysRevD.84.116901",
  year          = "2011",
  eprint        = "1109.1237",
  archivePrefix = "arXiv",
}

  title         = "{Hyperscaling relations in mass-deformed conformal gauge theories}",
@article{DelDebbio:2010ze,
  author        = "Del Debbio, Luigi and Zwicky, Roman",
  journal       = "Phys. Rev.",
  volume        = "D82",
  pages         = "014502",
  doi           = "10.1103/PhysRevD.82.014502",
  year          = "2010",
  eprint        = "1005.2371",
  archivePrefix = "arXiv",
}

  title         = "{Conformal scaling and the size of $m$-hadrons}",
@article{DelDebbio:2013qta,
  author        = "Del Debbio, Luigi and Zwicky, Roman",
  year          = "2013",
  eprint        = "1306.4038",
  archivePrefix = "arXiv",
}

  title         = "{Evidence for a conformal phase in SU(N) gauge theories}",
@article{Deuzeman:2009mh,
  author        = "Deuzeman, A. and Lombardo, M. P. and Pallante, E.",
  journal       = "Phys. Rev.",
  volume        = "D82",
  pages         = "074503",
  doi           = "10.1103/PhysRevD.82.074503",
  year          = "2010",
  eprint        = "0904.4662",
  archivePrefix = "arXiv",
}

  title         = "{The bulk transition of QCD with twelve flavors and the role of improvement}",
@article{Deuzeman:2012ee,
  author        = "Deuzeman, Albert and Lombardo, Maria Paola and Nunes da Silva, Tiago and Pallante, Elisabetta",
  journal       = "Phys. Lett.",
  volume        = "B720",
  pages         = "358--365",
  doi           = "10.1016/j.physletb.2013.02.030",
  year          = "2013",
  eprint        = "1209.5720",
  archivePrefix = "arXiv",
}


  title         = "{Twelve massless flavors and three colors below the conformal window}",
@article{Fodor:2011tu,
  author        = "Fodor, Zoltan and Holland, Kieran and Kuti, Julius and Nogradi, Daniel and Schroeder, Chris",
  journal       = "Phys. Lett.",
  volume        = "B703",
  pages         = "348-358",
  doi           = "10.1016/j.physletb.2011.07.037",
  year          = "2011",
  eprint        = "1104.3124",
  archivePrefix = "arXiv",
}

  title         = "{Confining force and running coupling with twelve fundamental and two sextet fermions}",
@article{Fodor:2012uw,
  author        = "Fodor, Zoltan and Holland, Kieran and Kuti, Julius and Nogradi, Daniel and Schroeder, Chris and Wong, Chik Him",
  journal       = "PoS",
  volume        = "Lattice 2012",
  pages         = "025",
  year          = "2012",
  eprint        = "1211.3548",
  archivePrefix = "arXiv",
  url           = "http://pos.sissa.it/archive/conferences/164/025/Lattice 2012_025.pdf"
}

  title         = "{Conformal finite size scaling of twelve fermion flavors}",
@article{Fodor:2012et,
  author        = "Fodor, Zoltan and Holland, Kieran and Kuti, Julius and Nogradi, Daniel and Schroeder, Chris and Wong, Chik Him",
  journal       = "PoS",
  volume        = "Lattice 2012",
  pages         = "279",
  year          = "2012",
  eprint        = "1211.4238",
  archivePrefix = "arXiv",
  url           = "http://pos.sissa.it/archive/conferences/164/279/Lattice 2012_279.pdf"
}

  title         = "{Lattice gauge theory and physics beyond the standard model}",
@article{Giedt:2012LAT,
  author        = "Giedt, Joel",
  journal       = "PoS",
  volume        = "Lattice 2012",
  pages         = "006",
  year          = "2012",
  url           = "http://pos.sissa.it/archive/conferences/164/006/Lattice 2012_006.pdf"
}

  title         = "{Infrared fixed point of the 12-fermion SU(3) gauge model based on 2-lattice MCRG matching}",
@article{Hasenfratz:2011xn,
  author        = "Hasenfratz, Anna",
  journal       = "Phys. Rev. Lett.",
  volume        = "108",
  pages         = "061601",
  doi           = "10.1103/PhysRevLett.108.061601",
  year          = "2012",
  eprint        = "1106.5293",
  archivePrefix = "arXiv",
}

  title         = "{Reaching the chiral limit in many flavor systems}",
@article{Hasenfratz:2013uha,
  author        = "Hasenfratz, Anna and Cheng, Anqi and Petropoulos, Gregory and Schaich, David",
  year          = "2013",
  eprint        = "1303.7129",
  archivePrefix = "arXiv",
}

  title         = "{Properties of the twisted Polyakov loop coupling and the infrared fixed point in the SU(3) gauge theories}",
@article{Itou:2012qn,
  author        = "Itou, Etsuko",
  journal       = "PTEP",
  volume        = "2013",
  pages         = "083B01",
  doi           = "10.1093/ptep/ptt053",
  year          = "2013",
  eprint        = "1212.1353",
  archivePrefix = "arXiv",
}

  title         = "{Lattice QCD with 12 Degenerate Quark Flavors}",
@article{Jin:2012dw,
  author        = "Jin, Xiao-Yong and Mawhinney, Robert D.",
  journal       = "PoS",
  volume        = "Lattice 2011",
  pages         = "066",
  year          = "2012",
  eprint        = "1203.5855",
  archivePrefix = "arXiv",
}

  title         = "{Lattice study of infrared behaviour in SU(3) gauge theory with twelve massless flavours}",
@article{Lin:2012iw,
  author        = "Lin, C.-J. David and Ogawa, Kenji and Ohki, Hiroshi and Shintani, Eigo",
  journal       = "JHEP",
  volume        = "1208",
  pages         = "096",
  doi           = "10.1007/JHEP08(2012)096",
  year          = "2012",
  eprint        = "1205.6076",
  archivePrefix = "arXiv",
}

  title         = "{Higher-Loop Corrections to the Infrared Evolution of a Gauge Theory with Fermions}",
@article{Ryttov:2010iz,
  author        = "Ryttov, Thomas A. and Shrock, Robert",
  journal       = "Phys. Rev.",
  volume        = "D83",
  pages         = "056011",
  doi           = "10.1103/PhysRevD.83.056011",
  year          = "2011",
  eprint        = "1011.4542",
  archivePrefix = "arXiv",
}


